<collection xmlns="http://www.loc.gov/MARC21/slim">
<record>
  <leader>00294na 0a22000971i 450 </leader>
  <controlfield tag="001">IT\ICCU\CNCE\076852</controlfield>
  <controlfield tag="005">20111019000000.0</controlfield>
  <datafield tag="100" ind1=" " ind2=" ">
    <subfield code="a">20111019             0itac0103    ba</subfield>
  </datafield>
  <datafield tag="101" ind1=" " ind2=" ">
    <subfield code="a">LAT</subfield>
  </datafield>
  <datafield tag="200" ind1="1" ind2=" ">
    <subfield code="a">Voces, quae Latinis cum Graecis maxime sunt communes ex libro Henrici Farnesii ...</subfield>
  </datafield>
  <datafield tag="801" ind1=" " ind2="3">
    <subfield code="a">IT</subfield>
    <subfield code="b">ICCU</subfield>
    <subfield code="c">20201115</subfield>
  </datafield>
</record>
</collection>
